
@misc{wiki-spring,
   author = "Wikipedia",
   title = "{Spring Framework} --- {W}ikipedia{,} The Free Encyclopedia",
   year = "2019",
   howpublished = {\url{http://en.wikipedia.org/w/index.php?title=Spring\%20Framework&oldid=888321753}},
   note = "[Online; accessed 23-March-2019]"
 }
 
@MANUAL{studypad-backend,
	TITLE = "StudyPad Backend",
	Author = "Levinzon Roman",
    url = "https://github.com/levinzonr/studypad-spring",
}

@MANUAL{studypad-ios,
	TITLE = "StudyPad iOS Client",
	Author = "Levinzon Roman",
    url = "https://github.com/levinzonr/studypad-ios",
}

@MANUAL{studypad-web,
	TITLE = "StudyPad Admin Panel",
	Author = "Levinzon Roman",
    url = "https://github.com/levinzonr/studypad-web",
}
@MANUAL{firebase,
	TITLE = "Firebase",
	Author = "Levinzon Roman",
    url = "https://firebase.google.com/products",
}

@MANUAL{androix-overview,
    title = "AndroidX Overview {[online]}",
    organization = "Google",
    url = "https://developer.android.com/jetpack/androidx",
    note = "accessed on 2019-07-07",
    key = "androidx"
}

@misc{material-navigation,
  title = {Understanding navigation},
  howpublished = {\url{https://material.io/design/navigation/understanding-navigation.html#lateral-navigation},
  note = {Accessed: 2019-03-23}
}

@misc{material-fab,
  title = {Floating Action Button},
  howpublished = {\url{https://material.io/design/components/buttons-floating-action-button.html#}},
  note = {Accessed: 2019-03-23}
}

@misc{material-bottomappbar,
  title = {Bottom App Bar},
  howpublished = {\urlhttps://material.io/design/components/app-bars-bottom.html#behavior},
  note = {Accessed: 2019-03-23}
}

